@book{stallings,
    author =    "William Stallings",
    title =     "Operating Systems. Internals and Design Principles",
    publisher = "Prentice Hall",
    year =      2008,
    edition =   "piąte"
}

@book{schmidt,
    author =    "Douglas Schmidt and Michael Stal and Hans Rohnert and Frank Buschmann",
    title =     "Pattern-Oriented Software Architecture Volume 2 -- Networked and Concurrent Objects",
    publisher = "John Wiley and Sons",
    year =      2000,
    edition =   "pierwsze"
}

@book{hennessy,
	author = {John L. Hennessy and David A. Patterson},
	edition = {czwarte},
	interhash = {015ac23e41e36b6d32b37e2bfb11f66c},
	intrahash = {6e7d7484e05057928211b221e226e185},
	publisher = {Morgan Kaufmann},
	title = {Computer Architecture - A Quantitative Approach},
	year = 2007,
	keywords = {Architecture Computer InstructionSet concurreny},
	added-at = {2009-01-18T20:50:48.000+0100},
	biburl = {http://www.bibsonomy.org/bibtex/26e7d7484e05057928211b221e226e185/gron}
}

@book{jacob,
    author =    "Bruce Jacob and Spencer W. Ng and David T. Wang",
    title =     "Memory Systems.
		 						 Cache, DRAM, Disk",
    publisher = "Elsevier",
    year =      2008,
    edition =   "pierwsze"
}

@book{silberschatz,
    author =    "A. Silberschatz and P. B. Galvin",
    title =     "Podstawy systemów operacyjnych",
    publisher = "Wydawnictwa Naukowo-Techniczne",
    year =      2002,
    edition =   "piąte"
}

@inproceedings{scala1,
	author = {Philipp Haller and Martin Odersky},
	booktitle = {COORDINATION},
	crossref = {conf/coordination/2007},
	interhash = {6ca78c04bd8e81e140a7d7cdaed10831},
	intrahash = {09cdb43b04e34fc1c4e1946a1d3a4dfc},
	pages = {171-190},
	publisher = {Springer},
	series = {Lecture Notes in Computer Science},
	title = {Actors That Unify Threads and Events.},
	url = {http://dblp.uni-trier.de/db/conf/coordination/coordination2007.html#HallerO07},
	volume = 4467,
	year = 2007,
	keywords = {dblp},
	ee = {http://dx.doi.org/10.1007/978-3-540-72794-1_10},
	added-at = {2007-07-09T00:00:00.000+0200},
	description = {dblp},
	isbn = {978-3-540-72793-4},
	biburl = {http://www.bibsonomy.org/bibtex/209cdb43b04e34fc1c4e1946a1d3a4dfc/dblp},
	date = {2007-07-09}
}

@inproceedings{scala2,
	author = {Philipp Haller and Martin Odersky},
	booktitle = {JMLC},
	crossref = {conf/jmlc/2006},
	interhash = {f7f1433625ce48ee2cd6b8a99c573466},
	intrahash = {680baa8bc9b6b0fa6a5c23bc114ee7e7},
	pages = {4-22},
	publisher = {Springer},
	series = {Lecture Notes in Computer Science},
	title = {Event-Based Programming Without Inversion of Control.},
	url = {http://dblp.uni-trier.de/db/conf/jmlc/jmlc2006.html#HallerO06},
	volume = 4228,
	year = 2006,
	keywords = {dblp},
	ee = {http://dx.doi.org/10.1007/11860990_2},
	added-at = {2006-10-24T00:00:00.000+0200},
	description = {dblp},
	isbn = {3-540-40927-0},
	biburl = {http://www.bibsonomy.org/bibtex/2680baa8bc9b6b0fa6a5c23bc114ee7e7/dblp},
	date = {2006-10-24}
}


@article{anderson,
	author = {Thomas E. Anderson and Brian N. Bershad and Edward D. Lazowska and Henry M. Levy},
	interhash = {ab145c22f05f5491ee10d3ed66e79e5e},
	intrahash = {3a0f6f837f7703fee59aa4d3d992139d},
	journal = {ACM Trans. Comput. Syst.},
	number = 1,
	pages = {53-79},
	title = {Scheduler Activations: Effective Kernel Support for the User-Level Management of Parallelism.},
	url = {http://dblp.uni-trier.de/db/journals/tocs/tocs10.html#AndersonBLL92},
	volume = 10,
	year = 1992,
	keywords = {dblp},
	ee = {http://doi.acm.org/10.1145/146941.146944},
	added-at = {2004-03-18T00:00:00.000+0100},
	description = {dblp},
	biburl = {http://www.bibsonomy.org/bibtex/23a0f6f837f7703fee59aa4d3d992139d/dblp},
	date = {2004-03-18}
}

@article{wulf,
  author = {W.~Wulf and S.~McKee},
  title = {Hitting the Memory Wall: Implications of the Obvious},
  journal = {Computer Architecture News}, 
  number = 1,
	volume = 23,
  year = 1995,
  pages = {20-24},
  date = {1995-03-01}
}
@inproceedings{Hewitt1973ActorFormalism,
	author = {Carl Hewitt and Peter Bishop and Richard Steiger},
	booktitle = {IJCAI},
	interhash = {01d9c531dc3c85aee426729a999f1433},
	intrahash = {c130550bf56c01d146feb64873f4e7fb},
	pages = {235-245},
	title = {A Universal Modular ACTOR Formalism for Artificial Intelligence.},
	url = {http://dblp.uni-trier.de/db/conf/ijcai/ijcai73.html#HewittBS73},
	year = 1973,
	keywords = {dblp},
	added-at = {2002-03-07T00:00:00.000+0100},
	description = {dblp},
	biburl = {http://www.bibsonomy.org/bibtex/2c130550bf56c01d146feb64873f4e7fb/dblp},
	date = {2002-03-07}
}

@inproceedings{engelschall,
  author    = {Ralf S. Engelschall},
  title     = {Portable Multithreading-The Signal Stack Trick for User-Space
               Thread Creation},
  booktitle = {USENIX Annual Technical Conference, General Track},
  year      = {2000},
  pages     = {239-250},
  ee        = {http://www.usenix.org/publications/library/proceedings/usenix2000/general/engelschall.html},
  crossref  = {DBLP:conf/usenix/2000g},
  bibsource = {DBLP, http://dblp.uni-trier.de}
}

@article{conway,
author = {Conway, Melvin E.},
title = {Design of a separable transition-diagram compiler},
journal = {Commun. ACM},
volume = {6},
number = {7},
year = {1963},
issn = {0001-0782},
pages = {396--408},
doi = {http://doi.acm.org/10.1145/366663.366704},
publisher = {ACM},
address = {New York, NY, USA}
}
